<record><leader>00000cas a2200000 a 4500</leader><controlfield tag="001">27330283</controlfield><controlfield tag="008">930127d1887188uiluwr ne      0   a0eng c</controlfield><datafield ind1=" " ind2=" " tag="010"><subfield code="a">sn 93055483 </subfield></datafield><datafield ind1=" " ind2=" " tag="040"><subfield code="a">NVF</subfield><subfield code="b">eng</subfield><subfield code="c">NVF</subfield><subfield code="d">OCLCQ</subfield><subfield code="d">NVF</subfield><subfield code="d">OCLCQ</subfield><subfield code="d">NVF</subfield><subfield code="d">OCLCQ</subfield><subfield code="d">OCLCF</subfield><subfield code="d">NVF</subfield><subfield code="d">OCLCO</subfield><subfield code="d">OCL</subfield><subfield code="d">OCLCO</subfield></datafield><datafield ind1="1" ind2=" " tag="029"><subfield code="a">AU@</subfield><subfield code="b">000020739291</subfield></datafield><datafield ind1=" " ind2=" " tag="042"><subfield code="a">pcc</subfield></datafield><datafield ind1=" " ind2=" " tag="043"><subfield code="a">n-us-il</subfield></datafield><datafield ind1="0" ind2="4" tag="245"><subfield code="a">The liberator and times.</subfield></datafield><datafield ind1=" " ind2=" " tag="260"><subfield code="a">Orion, Ill. :</subfield><subfield code="b">Illinois Prohibition and Equal Suffrage Pub. Co.,</subfield><subfield code="c">1887-[188-?]</subfield></datafield><datafield ind1=" " ind2=" " tag="300"><subfield code="a">v.</subfield></datafield><datafield ind1=" " ind2=" " tag="310"><subfield code="a">Weekly</subfield></datafield><datafield ind1="0" ind2=" " tag="362"><subfield code="a">Vol. 1, no. 13 (Oct. 27, 1887)- = v. 10, no. 13 (Oct. 27, 1887)-</subfield></datafield><datafield ind1=" " ind2=" " tag="580"><subfield code="a">Formed by the union of: Orion times (Orion, Ill. : 1883) and: Liberator (Orion, Ill.).</subfield></datafield><datafield ind1=" " ind2="0" tag="650"><subfield code="a">Prohibition</subfield><subfield code="z">Illinois</subfield><subfield code="v">Newspapers.</subfield></datafield><datafield ind1=" " ind2="0" tag="650"><subfield code="a">Suffrage</subfield><subfield code="z">Illinois</subfield><subfield code="v">Newspapers.</subfield></datafield><datafield ind1=" " ind2="0" tag="651"><subfield code="a">Illinois</subfield><subfield code="v">Newspapers.</subfield></datafield><datafield ind1=" " ind2="7" tag="650"><subfield code="a">Suffrage</subfield><subfield code="2">fast</subfield><subfield code="0">(OCoLC)fst01137187</subfield></datafield><datafield ind1=" " ind2="7" tag="650"><subfield code="a">Prohibition.</subfield><subfield code="2">fast</subfield><subfield code="0">(OCoLC)fst01078761</subfield></datafield><datafield ind1=" " ind2="7" tag="651"><subfield code="a">Illinois.</subfield><subfield code="2">fast</subfield><subfield code="0">(OCoLC)fst01205143</subfield></datafield><datafield ind1=" " ind2="7" tag="655"><subfield code="a">Newspapers.</subfield><subfield code="2">fast</subfield><subfield code="0">(OCoLC)fst01423814</subfield></datafield><datafield ind1="2" ind2=" " tag="710"><subfield code="a">Prohibition and Equal Suffrage Publishing Company (Ill.).</subfield><subfield code="k">Newspapers.</subfield></datafield><datafield ind1=" " ind2=" " tag="752"><subfield code="a">United States</subfield><subfield code="b">Illinois</subfield><subfield code="c">Henry</subfield><subfield code="d">Orion.</subfield></datafield><datafield ind1="1" ind2="4" tag="780"><subfield code="t">Orion times (Orion, Ill. : 1883)</subfield><subfield code="w">(DLC)sn 93055482</subfield><subfield code="w">(OCoLC)27330159</subfield></datafield><datafield ind1="1" ind2="4" tag="780"><subfield code="t">Liberator (Orion, Ill.)</subfield></datafield><datafield ind1="0" ind2="0" tag="785"><subfield code="t">Orion times (Orion, Ill. : 1888)</subfield><subfield code="w">(DLC)sn 93055484</subfield><subfield code="w">(OCoLC)27330474</subfield></datafield></record>